Platform,Category,District,Date,Orders,Returns,Revenue,Ad Spend,Visitors,Order Completion Ratio,Discount Rate,Net Revenue,Customer Rating,Fulfillment Time
Myntra,Home Decor,Hubballi-Dharwad,4/24/2024,468,1,257617.22,9526.77,1268,0.37,0.28,247330.72,3.8,3.2
Amazon,Fashion,Haveri,10/2/2025,183,3,159634.39,5125.77,3209,0.06,0.27,153376.89,4,6.3
Amazon,Home Decor,Chitradurga,1/8/2023,471,82,119786.64,4752.04,7334,0.06,0.05,33589.28,3.5,3.2
Myntra,Fashion,Chikkaballapur,4/13/2024,215,42,103414.82,6008.25,5116,0.04,0.26,86441.29,3.1,4
Amazon,Fashion,Kalaburagi,1/2/2024,140,24,77544.51,7752.32,9513,0.01,0.18,58159.16,4.6,1.8
Myntra,Fashion,Yadgir,8/22/2025,117,17,94819.91,4831.54,3328,0.04,0.09,73737.9,4.1,4.9
Amazon,Electronics,Bagalkot,5/6/2025,279,7,189505.8,6383.64,7748,0.04,0.14,178776.76,4,2.4
Myntra,Electronics,Chikkamagaluru,1/8/2025,472,88,270364.02,6496.38,8476,0.06,0.06,179215.4,4.4,3.4
Amazon,Home Decor,Udupi,10/27/2024,153,9,36909.58,2425.9,7910,0.02,0.06,27431.94,3.3,6.8
Amazon,Fashion,Chikkaballapur,10/23/2025,188,30,113194.78,9762.27,1514,0.12,0.24,94826.78,3.6,2.9
Myntra,Home Decor,Koppal,2/20/2025,388,53,115369.37,6265.57,5163,0.08,0.24,62989.29,3.1,6.2
Myntra,Electronics,Chitradurga,1/16/2023,195,38,102970.13,8884.6,6776,0.03,0.27,73554.09,3.6,2.9
Amazon,Electronics,Ramanagara,4/12/2025,394,39,342184.58,6076.3,4957,0.08,0.11,316894.09,4.1,4.8
Flipkart,Fashion,Bengaluru Urban,2/16/2024,497,97,336394.05,7676.38,2189,0.23,0.18,249395.79,4.6,5.1
Flipkart,Home Decor,Davangere,5/28/2024,129,24,77756.29,1453.86,8472,0.02,0.29,53424.41,5,2.2
Flipkart,Fashion,Kalaburagi,9/4/2025,417,59,391619.04,9315.84,4330,0.1,0.2,346438.53,4.2,5.5
Flipkart,Electronics,Bagalkot,5/1/2024,295,22,107559.64,1732.28,6991,0.04,0.1,99918.91,4.7,3.4
Myntra,Electronics,Bellary,10/13/2023,324,61,80227.05,5717.57,3804,0.09,0.1,29300.5,3.4,4.3
Flipkart,Electronics,Mandya,6/23/2023,209,33,96751.11,1881.15,2067,0.1,0.26,69165.2,3.4,6.4
Myntra,Fashion,Davangere,11/2/2023,224,2,75235.24,1196.98,2261,0.1,0.25,72100.23,4.7,4.8
Amazon,Home Decor,Shivamogga,8/19/2025,174,27,122232.59,4887.02,7882,0.02,0.28,93116.59,3.5,3.1
Flipkart,Home Decor,Hubballi-Dharwad,1/27/2024,281,44,189372.66,7880.1,7268,0.04,0.13,138077.65,4.5,2.7
Myntra,Fashion,Chikkaballapur,11/2/2023,193,15,63818.31,8306.39,3622,0.05,0.29,43040.84,3,6.5
Myntra,Fashion,Mysuru,11/12/2024,196,25,63838.3,5531.54,7204,0.03,0.08,34995.72,3.5,7
Amazon,Fashion,Davangere,1/17/2023,423,31,389110.75,8504.19,1591,0.27,0.09,356837.72,3.6,2.3
Amazon,Home Decor,Hassan,1/2/2025,462,47,338870.54,8840.76,7494,0.06,0.15,320102.37,3.4,3.6
Amazon,Fashion,Ramanagara,7/5/2025,296,10,193799.9,4574.77,6725,0.04,0.28,187001.7,4.9,5.2
Myntra,Home Decor,Davangere,4/24/2024,299,0,230120.81,6051.68,3510,0.09,0.3,224069.13,4.7,4
Flipkart,Home Decor,Hassan,12/6/2024,210,9,107385.84,7380.22,3750,0.06,0.23,92670.98,4.3,1.5
Myntra,Electronics,Dharwad,10/1/2025,383,6,277714.03,2083.53,1294,0.3,0.24,270896.92,3.5,6.4
Myntra,Home Decor,Dharwad,1/13/2025,450,36,377370.23,9591.34,1042,0.43,0.29,340675,3.7,2.9
Flipkart,Electronics,Chikkaballapur,5/1/2024,118,13,61891.26,2030.73,3446,0.03,0.17,49046.85,4.7,4
Myntra,Electronics,Chikkamagaluru,1/14/2025,339,27,200399.51,4869.74,6727,0.05,0.15,189858.85,3.6,5.1
Amazon,Electronics,Kodagu,6/28/2024,205,29,69178.89,8632.26,3824,0.05,0.3,40902.34,3,1.1
Flipkart,Fashion,Raichur,1/20/2023,318,6,282822.78,4370.48,1003,0.32,0.1,274702.14,3.8,3.2
Amazon,Home Decor,Vijayapura,12/6/2024,145,27,68415.95,5139.64,5138,0.03,0.3,47333.92,3.6,3.2
Myntra,Electronics,Belagavi,5/21/2024,200,13,101200.93,9682.3,9518,0.02,0.07,83745.51,3.6,6.9
Amazon,Home Decor,Bengaluru Urban,12/27/2024,155,13,39778.08,2564.45,1770,0.09,0.16,24691.52,5,3.8
Flipkart,Electronics,Bengaluru Rural,5/4/2025,161,28,153148.52,4721.45,9610,0.02,0.06,133667.91,3.7,4.9
Myntra,Electronics,Kolar,9/18/2025,146,23,96294.34,3482.02,2740,0.05,0.08,86949.29,4.2,3.6
Myntra,Electronics,Chikkaballapur,1/17/2025,212,18,168375.01,1642.35,9147,0.02,0.26,149145.92,3.1,5.1
Amazon,Home Decor,Hassan,9/13/2024,197,19,55479.27,2037.19,2435,0.08,0.06,41879.27,3.1,2.9
Amazon,Fashion,Bidar,11/25/2024,356,6,307516.68,2616.46,2559,0.14,0.08,302231.62,3.3,2.8
Myntra,Home Decor,Chitradurga,7/5/2023,226,41,66419.44,1945.4,2066,0.11,0.24,41706.13,3.6,3.4
Flipkart,Home Decor,Tumakuru,4/1/2024,226,17,155021.67,6721.77,5070,0.04,0.3,134706.21,4.7,5.4
Amazon,Home Decor,Kolar,7/1/2024,303,22,237251.25,4170.87,3342,0.09,0.1,213468.92,4.6,4.2
Flipkart,Home Decor,Bidar,2/8/2023,401,2,241101.59,2473.96,9288,0.04,0.09,237278.01,4.8,4.8
Myntra,Fashion,Ballari,8/24/2023,361,4,202546.31,7101.02,5515,0.07,0.08,192698.61,4.4,6.4
Flipkart,Home Decor,Bengaluru Urban,10/18/2023,470,26,219802.64,2220.1,2323,0.2,0.22,202841.66,3.3,5.4
Flipkart,Electronics,Haveri,10/8/2024,401,54,315876.54,9523.22,3211,0.12,0.16,288360.95,3.3,4.4
Amazon,Electronics,Mangaluru,12/25/2023,402,34,186537.71,1482.31,5247,0.08,0.3,167522.81,4.1,5
Flipkart,Electronics,Gadag,11/2/2023,397,31,365860.64,4817.82,3980,0.1,0.26,347803.29,3.2,3.2
Amazon,Electronics,Mangaluru,10/10/2025,260,26,179946.96,8357.69,9164,0.03,0.3,150363.02,4.7,4.7
Myntra,Fashion,Chitradurga,1/3/2023,474,85,163254.55,7506.26,6635,0.07,0.22,93666.76,4.4,6
Myntra,Home Decor,Bengaluru Rural,3/11/2025,443,3,169109.54,8127.54,4028,0.11,0.29,158647.62,3.7,1.9
Flipkart,Electronics,Yadgir,1/27/2025,171,5,73327.49,6724.48,9218,0.02,0.11,63262.98,5,2.7
Amazon,Electronics,Ballari,5/28/2024,492,5,375839.66,1418.17,6538,0.08,0.08,369434,3.6,6.5
Myntra,Fashion,Bagalkot,3/1/2023,495,63,449000.01,1265.16,9256,0.05,0.12,406890.95,3.4,5.9
Amazon,Home Decor,Yadgir,4/9/2023,419,58,333268.77,1170.36,5722,0.07,0.28,284281.53,3,1.5
Flipkart,Electronics,Tumakuru,7/1/2024,485,17,157546.81,6592.62,1148,0.42,0.13,139290.86,3.7,4.1
Myntra,Home Decor,Ballari,3/16/2023,461,75,115835,3840.31,4566,0.1,0.19,89564.02,4.4,3.2
Amazon,Electronics,Hassan,1/25/2024,221,38,118436.74,4997.14,2336,0.09,0.09,95397.11,4.6,6.3
Amazon,Electronics,Koppal,11/22/2023,354,33,187676.17,2365.81,4418,0.08,0.21,163350.5,4.4,5.9
Amazon,Fashion,Kalaburagi,3/13/2023,371,44,106897.85,5336.9,4898,0.08,0.06,72063.24,4.8,3.2
Flipkart,Fashion,Yadgir,1/4/2025,321,26,96871.8,2481.24,5057,0.06,0.3,69032.76,4.8,3.8
Flipkart,Electronics,Tumakuru,7/20/2024,419,11,92895.44,5167.6,3064,0.14,0.29,79649.55,3.2,5.8
Flipkart,Fashion,Gadag,7/13/2025,440,1,165736.27,2588.67,9677,0.05,0.25,162374.4,4.9,1.6
Amazon,Fashion,Shivamogga,10/24/2024,419,17,189986.3,1666.1,2050,0.2,0.16,182479.67,4.5,5.1
Flipkart,Home Decor,Shivamogga,8/8/2024,381,59,338564.58,8843.98,7376,0.05,0.09,299842.39,4.8,3
Amazon,Electronics,Koppal,8/9/2023,418,57,381385.29,9125.65,8006,0.05,0.25,322785.42,4.6,6
Flipkart,Electronics,Udupi,2/6/2025,255,31,89571.45,8623.03,5545,0.05,0.22,54521.72,3.1,3.9
Flipkart,Fashion,Bidar,7/28/2025,399,32,117498.32,8803.96,8590,0.05,0.17,93093.46,3.2,1.6
Flipkart,Electronics,Bagalkot,2/9/2023,308,25,248257.75,9698.05,7019,0.04,0.24,218927.57,3,3.3
Myntra,Home Decor,Vijayapura,2/10/2024,260,31,70082.91,9936.78,8849,0.03,0.16,46190.51,3.9,4.1
Myntra,Electronics,Hassan,12/10/2024,496,10,324594.58,6603.59,6509,0.08,0.29,314053.25,3,1.5
Flipkart,Home Decor,Ramanagara,3/11/2024,262,24,216212.13,2592.6,4999,0.05,0.06,202842.71,3.6,1.4
Flipkart,Home Decor,Hubballi-Dharwad,7/4/2025,413,19,195748.62,4355.51,2421,0.17,0.15,182964.11,3.6,3.4
Myntra,Electronics,Vijayapura,4/12/2024,296,47,270170.87,5447.36,3975,0.07,0.14,231994.49,3.2,2.9
Amazon,Fashion,Belagavi,11/7/2025,357,41,244916.24,4644.22,9750,0.04,0.28,203936.68,4.5,6.7
Myntra,Fashion,Chitradurga,6/12/2025,132,7,77606.56,5661.34,7093,0.02,0.24,69006.19,3.4,1.3
Amazon,Electronics,Hassan,8/28/2024,302,23,245934.01,6977.63,6451,0.05,0.11,217682.38,4.9,6.2
Amazon,Home Decor,Bidar,12/10/2024,461,49,350003.15,1058.77,6413,0.07,0.15,331131.9,3.1,2.6
Myntra,Fashion,Ramanagara,7/22/2025,168,7,139492.4,9292.91,2546,0.07,0.2,127737.7,4.2,5.3
Flipkart,Electronics,Mangaluru,5/13/2025,345,17,204097.72,9691.74,3307,0.1,0.26,186916.98,4,2.6
Flipkart,Home Decor,Shivamogga,5/16/2024,460,50,207475.02,3475.9,1268,0.36,0.15,187494.94,3.3,4.8
Flipkart,Fashion,Mysuru,10/1/2025,274,33,159242.01,4625.35,7342,0.04,0.09,137970.18,4.2,5.4
Myntra,Fashion,Mysuru,11/7/2023,266,25,89491.9,4734.53,2580,0.1,0.12,70108.38,3.1,1.3
Myntra,Home Decor,Vijayapura,8/2/2024,403,18,341801.84,7259.66,1456,0.28,0.06,325832.09,4.9,2.1
Flipkart,Electronics,Chikkaballapur,12/11/2025,234,4,125836.57,9821.39,8350,0.03,0.17,114899.65,4.8,4.3
Amazon,Electronics,Bidar,3/5/2024,275,24,242942.87,7410.58,9322,0.03,0.19,220009.76,4.6,5.7
Flipkart,Fashion,Haveri,9/24/2023,221,39,44297.95,4466.73,9579,0.02,0.2,2086.18,3.9,4.9
Amazon,Electronics,Kolar,6/19/2023,307,16,93073.4,6263.76,6438,0.05,0.24,82779.19,4.7,5.3
Myntra,Home Decor,Bagalkot,4/26/2025,243,3,62969.42,6042.65,5859,0.04,0.17,56112.63,3.1,5.2
Amazon,Home Decor,Davangere,2/13/2024,241,15,226073.55,6022.6,7737,0.03,0.2,205723.93,3.6,2.1
Amazon,Home Decor,Chitradurga,5/13/2023,288,4,142664.23,1445.05,1905,0.15,0.27,139376.5,3.1,1.5
Myntra,Fashion,Yadgir,11/5/2024,244,8,201312.18,8344.55,9668,0.03,0.17,189166.23,4.9,6.8
Flipkart,Fashion,Bengaluru Urban,6/24/2025,105,14,34707.17,1117.25,3130,0.03,0.25,30027.42,4.9,3.4
Flipkart,Fashion,Bidar,10/16/2024,252,19,115709.89,1740.57,4244,0.06,0.26,104366.15,4.9,2.1
Myntra,Fashion,Chitradurga,7/5/2025,141,17,74015.98,5934.16,9764,0.01,0.15,56331.52,3.2,6.2
Flipkart,Electronics,Raichur,1/17/2023,170,3,98645.39,1074,5622,0.03,0.3,95187.55,3.9,1
Amazon,Home Decor,Ramanagara,2/2/2023,333,40,299086.12,8323.16,2163,0.15,0.27,275779.81,3.1,5.5
Myntra,Home Decor,Bidar,6/12/2024,158,19,65787.51,8581.14,9367,0.02,0.16,51325.84,3,2.3
Flipkart,Electronics,Mysuru,12/2/2023,100,8,72853.78,2310.92,6906,0.01,0.2,64673.77,3.3,1.5
Amazon,Home Decor,Raichur,9/11/2023,423,29,269622.73,3611.89,4936,0.09,0.06,238400.32,3.2,5.4
Myntra,Home Decor,Belagavi,9/15/2025,257,0,240402,4678.61,3964,0.06,0.06,235723.39,4.9,4
Amazon,Home Decor,Chikkaballapur,6/3/2024,405,29,281582.3,5561.43,6808,0.06,0.2,262835.23,3.6,6
Myntra,Electronics,Kodagu,5/11/2023,343,4,257698.85,4645.61,7892,0.04,0.12,249067.26,4.7,2.3
Myntra,Electronics,Bengaluru Urban,12/4/2024,330,10,304883.19,5040.23,6670,0.05,0.07,295487.62,4.9,6.8
Amazon,Home Decor,Hassan,9/12/2025,303,35,160277.54,6928.25,4435,0.07,0.06,145397.83,4.9,6.4
Amazon,Fashion,Udupi,4/25/2024,342,32,186500.41,5200.86,6506,0.05,0.06,170902.32,3.8,5.9
Myntra,Electronics,Gadag,8/16/2024,264,17,57018.4,4188.57,3909,0.07,0.29,40210.17,4.2,3.8
Flipkart,Electronics,Ballari,2/27/2024,465,27,113784.49,7209.31,6957,0.07,0.23,80662.66,3.8,4.2
Myntra,Electronics,Mangaluru,11/2/2024,450,4,172440.02,7891.75,9861,0.05,0.14,163167.99,3.9,4.2
Flipkart,Fashion,Kalaburagi,9/22/2023,150,6,80029.98,7852.89,8009,0.02,0.19,66221.8,4.9,4.8
Flipkart,Electronics,Haveri,6/2/2023,316,13,195827.85,9861.45,2447,0.13,0.21,173804.38,3.2,4.3
Myntra,Home Decor,Mandya,4/16/2025,125,2,50047.37,6081.51,9995,0.01,0.3,43017.5,4.5,4.1
Flipkart,Fashion,Udupi,8/20/2025,150,16,79833.58,7232.3,1373,0.11,0.21,64858.2,4,1
Myntra,Fashion,Shivamogga,11/24/2024,447,50,260176.04,3079.3,8453,0.05,0.09,228716.18,3,4.9
Myntra,Home Decor,Shivamogga,8/28/2025,181,12,43049.82,2180.39,7323,0.02,0.14,31121.24,4.8,2.7
Flipkart,Fashion,Mandya,5/2/2025,347,38,258227.83,4940.19,1687,0.21,0.05,243877.29,3,6.6
Flipkart,Electronics,Tumakuru,4/24/2023,123,0,67200.09,7455.6,1560,0.08,0.13,59744.49,3,1.1
Amazon,Electronics,Yadgir,3/23/2023,427,1,131611.41,9552.5,9232,0.05,0.17,121410.37,3.2,2.6
Amazon,Electronics,Raichur,12/6/2025,407,55,182560.94,2024.6,5523,0.07,0.21,141759.42,3.9,1.1
Flipkart,Electronics,Bagalkot,4/3/2024,121,12,92264.78,1327.55,5350,0.02,0.11,84903.84,3.5,3.2
Myntra,Electronics,Chikkamagaluru,4/22/2025,385,29,149164.62,7037.68,3429,0.11,0.2,119940.8,3.2,5.3
Myntra,Electronics,Davangere,7/26/2023,190,28,189269.55,1676.33,2930,0.06,0.08,178505.84,3.9,5.2
Amazon,Electronics,Ramanagara,9/25/2025,344,59,338685.56,7716.88,1434,0.24,0.3,287831.36,3.5,1.1
Flipkart,Home Decor,Raichur,2/5/2024,391,48,276417.86,6997.88,1563,0.25,0.24,256361.61,4.5,5.6
Amazon,Electronics,Yadgir,4/15/2024,437,81,195390.87,8089.45,8201,0.05,0.28,167636.71,4.8,5.2
Flipkart,Fashion,Gadag,10/11/2023,493,58,394847.77,5011.19,3887,0.13,0.27,374687.81,3.2,1.1
Amazon,Electronics,Mangaluru,10/23/2025,149,11,137830.31,9701.55,8209,0.02,0.13,119552.03,3.3,5.1
Amazon,Fashion,Gadag,11/27/2024,171,29,108152.4,6581.43,9713,0.02,0.17,78364.36,3.1,5.9
Myntra,Electronics,Hassan,12/10/2023,423,22,369799.38,5379.2,1582,0.27,0.14,357136.79,4.7,1.2
Flipkart,Electronics,Bidar,4/23/2025,197,17,134654.8,9203.8,6461,0.03,0.24,119025.97,3.9,4.3
Flipkart,Fashion,Kalaburagi,12/12/2023,413,66,293785.76,2576.15,8712,0.05,0.29,234319.4,4.8,5.4
Amazon,Fashion,Yadgir,3/20/2024,227,24,108253.31,9261.13,2273,0.1,0.19,75316.72,4.7,4.5
Amazon,Electronics,Dharwad,1/23/2023,204,36,196629,7934.32,2575,0.08,0.22,163865.53,4,5.4
Myntra,Fashion,Haveri,8/26/2023,330,34,275270.15,6340.72,5849,0.06,0.27,239272.41,4.9,3.1
Myntra,Fashion,Bengaluru Rural,9/3/2025,192,35,69097.77,2992.21,7573,0.03,0.26,43684.14,3.1,5.8
Myntra,Fashion,Bellary,10/26/2025,332,59,300333.49,6058.43,8160,0.04,0.18,280716.08,3.2,1.7
Flipkart,Electronics,Mandya,11/3/2024,117,14,100563.4,7716.55,4915,0.02,0.27,89239.9,3.1,5.3
Amazon,Fashion,Koppal,12/25/2023,271,24,64830.14,3470.39,2561,0.11,0.24,47301.36,4.4,1.4
Amazon,Fashion,Ballari,3/3/2025,241,40,192178.55,9675.15,1131,0.21,0.09,150772.08,3.1,2
Amazon,Electronics,Gadag,10/1/2023,402,34,268825.59,1046.51,4692,0.09,0.06,260462.14,4.3,3.6
Myntra,Fashion,Bengaluru Urban,6/22/2023,145,19,36364.87,6826.9,9533,0.02,0.21,20270.29,4.6,4.9
Myntra,Home Decor,Davangere,9/19/2023,179,10,54705.98,7248.02,6512,0.03,0.11,42998.27,3.5,5.9
Flipkart,Home Decor,Tumakuru,2/19/2025,248,11,185747.02,6792.82,4786,0.05,0.2,175053.58,5,2.5
Myntra,Fashion,Dharwad,5/3/2023,290,44,225090.8,2930.3,1752,0.17,0.08,205449.59,4.3,5.6
Flipkart,Fashion,Yadgir,9/9/2023,486,27,279324.5,8271.19,6048,0.08,0.08,244308.95,3.9,5.3
Amazon,Electronics,Mandya,7/24/2023,215,18,64154.1,6567.28,2933,0.07,0.28,45414.53,4,6.5
Myntra,Electronics,Ballari,9/23/2024,350,57,116891.63,5468.02,9918,0.04,0.24,98951.18,3.4,2.1
Myntra,Home Decor,Shivamogga,9/17/2023,355,9,103668.51,8102.3,5144,0.07,0.29,87208.85,4.1,1.9
Myntra,Home Decor,Bellary,6/19/2025,371,40,353692.13,4156.98,6282,0.06,0.08,313149.46,3.3,4.5
Flipkart,Electronics,Dharwad,10/10/2025,496,54,407718.41,6629.22,5498,0.09,0.18,387734.19,3.2,1.3
Amazon,Fashion,Kodagu,11/21/2023,453,38,120674.17,2680.61,1540,0.29,0.28,90865.44,3.6,2.3
Myntra,Home Decor,Vijayapura,2/12/2024,247,29,53674.23,8493.27,1651,0.15,0.14,17987.66,3.9,5.8
Myntra,Home Decor,Bidar,8/19/2023,216,37,213745.48,6963.68,2794,0.08,0.07,171604.9,3.3,4.8
Myntra,Electronics,Bellary,8/26/2024,480,12,97509.08,5286.23,6205,0.08,0.11,89262.1,4.8,6.9
Flipkart,Electronics,Raichur,5/25/2025,335,49,90349.6,6230.24,3154,0.11,0.18,46475.72,3.2,6.8
Myntra,Home Decor,Tumakuru,11/3/2024,219,13,178351.28,3142.55,3978,0.06,0.13,162660.57,4.7,2.3
Amazon,Home Decor,Gadag,12/7/2024,225,24,69574.42,9270.99,8920,0.03,0.09,46521.91,4.1,1.7
Flipkart,Electronics,Bengaluru Rural,4/3/2023,497,89,487549.77,8789.04,7529,0.07,0.28,402008.15,3.8,1.3
Flipkart,Fashion,Bagalkot,12/25/2025,183,33,144982.22,5893.21,9332,0.02,0.14,128170.32,4.3,5.9
Flipkart,Home Decor,Chikkaballapur,12/21/2025,442,42,335408.99,4578.57,5063,0.09,0.23,299907.5,3.7,2.2
Amazon,Electronics,Belagavi,4/6/2024,301,59,208595.35,2736.92,5254,0.06,0.14,184053.84,3.5,5.7
Myntra,Electronics,Mangaluru,2/18/2023,131,4,52727.94,6556.65,5143,0.03,0.26,44037.41,4.9,6.4
Myntra,Electronics,Koppal,5/18/2023,224,18,161374.17,7117.88,5051,0.04,0.22,137545.53,4.1,4.6
Flipkart,Fashion,Chitradurga,11/28/2025,470,39,325717.65,3043.8,6120,0.08,0.28,301579.28,3.6,5.5
Flipkart,Electronics,Chikkaballapur,6/26/2023,455,67,140053.98,9775.81,4547,0.1,0.14,88713.66,3.6,5.4
Flipkart,Electronics,Kodagu,4/3/2023,229,41,84068.49,4568.49,3169,0.07,0.29,58618.89,4,6.3
Myntra,Electronics,Bagalkot,4/21/2023,468,90,233615.63,2904.3,4289,0.11,0.16,151688.36,4.1,4.1
Myntra,Fashion,Bidar,5/2/2025,481,94,227092.54,6114.66,8316,0.06,0.29,138599.24,4.2,4.3
Myntra,Home Decor,Tumakuru,3/28/2024,474,56,270105.85,5465.16,4852,0.1,0.3,252804.48,3.1,5.5
Amazon,Fashion,Mangaluru,2/6/2025,151,17,111480.18,3740.84,5438,0.03,0.18,92069.2,3.8,2.8
Myntra,Fashion,Chikkamagaluru,10/12/2024,320,16,79865.23,4555.78,6977,0.05,0.18,70965.12,4.3,4.5
Flipkart,Electronics,Chikkaballapur,8/17/2024,314,37,207110.13,3265.74,5911,0.05,0.16,192110.74,3.6,1
Myntra,Fashion,Ramanagara,12/23/2023,294,45,78890.51,8789.49,3770,0.08,0.2,28087.26,3.6,4.1
Amazon,Electronics,Ballari,8/25/2023,408,43,192422.73,4902.57,9830,0.04,0.07,165624.81,3.6,4.2
Myntra,Electronics,Mysuru,4/5/2023,122,2,74738.78,2502.17,5746,0.02,0.06,71832.27,3.2,1.8
Amazon,Home Decor,Kolar,7/15/2023,152,20,118265.62,6410.09,3693,0.04,0.07,94214.38,3.1,1.1
Amazon,Home Decor,Belagavi,3/26/2025,148,11,143504.63,5883.55,3531,0.04,0.15,132750.44,4.5,5.7
Myntra,Fashion,Udupi,5/18/2023,383,16,256470.05,4261.61,3027,0.13,0.25,246273.02,3.9,6.5
Myntra,Fashion,Vijayapura,7/14/2023,292,1,235068.53,6165.46,8553,0.03,0.07,228608.88,4.7,1.3
Flipkart,Fashion,Kodagu,3/11/2023,271,3,191116.06,1263.93,9574,0.03,0.17,187412.27,4.5,2.7
Flipkart,Home Decor,Ramanagara,1/14/2025,178,10,36755.38,4249.53,6240,0.03,0.22,23327.83,4.2,4
Myntra,Electronics,Ramanagara,1/1/2025,379,40,77943.39,9054.79,8158,0.05,0.28,57228.03,4.1,1.6
Myntra,Home Decor,Koppal,4/11/2024,337,26,150619.2,6953.28,2709,0.12,0.15,133802.88,3.9,6.8
Flipkart,Electronics,Chikkamagaluru,10/20/2024,126,5,61387.88,9993.12,1000,0.13,0.14,46592.4,3.8,3.2
Amazon,Fashion,Koppal,4/20/2023,174,28,82912.82,9812.14,3780,0.05,0.14,52264.41,3.9,6.7
Flipkart,Electronics,Ramanagara,6/3/2023,189,25,101969.95,2337.98,1335,0.14,0.1,85389.57,4.7,2.9
Flipkart,Electronics,Bellary,7/20/2023,467,84,174022.16,5267.73,1601,0.29,0.27,149608.55,3.5,1.9
Myntra,Fashion,Udupi,1/12/2023,412,26,176509.44,3971.01,2287,0.18,0.08,150259.08,4.9,1.6
Flipkart,Fashion,Chikkamagaluru,5/15/2023,420,10,317315.77,8102.45,1197,0.35,0.15,300900.44,3.8,4.1
Flipkart,Electronics,Bellary,2/23/2025,263,10,135705.03,9357.69,9126,0.03,0.18,119357.32,3.8,1.2
Myntra,Home Decor,Dharwad,11/20/2025,445,3,443848.46,9270.4,7028,0.06,0.22,433237.3,4.4,1.6
Amazon,Fashion,Kolar,6/3/2024,271,20,164644.4,3313.2,7390,0.04,0.05,153522.97,3.3,1.2
Amazon,Electronics,Bengaluru Rural,5/19/2023,312,58,120270.73,6390.31,2200,0.14,0.2,90898.29,3.9,2
Amazon,Fashion,Bidar,4/11/2025,116,9,109310.63,4556.4,8829,0.01,0.22,100713.75,3.4,2.8
Amazon,Home Decor,Mangaluru,7/26/2024,154,22,151955.83,5721.98,7032,0.02,0.22,126591.82,3,2.5
Myntra,Home Decor,Belagavi,2/15/2024,405,58,190853.87,3850.16,8046,0.05,0.25,154451.05,3.2,1.2
Flipkart,Electronics,Kodagu,4/22/2023,492,58,442186.86,7403.59,9179,0.05,0.19,398978.87,5,4.3
Flipkart,Home Decor,Koppal,3/10/2024,335,45,179985.72,6135.69,5551,0.06,0.13,159397.31,3.4,1.1
Amazon,Fashion,Udupi,9/28/2024,478,54,397912.68,7734.72,7426,0.06,0.14,356801.3,4.5,1.2
Flipkart,Home Decor,Ramanagara,8/21/2023,353,3,321287.1,5794.92,9041,0.04,0.05,312689.86,3.6,5
Flipkart,Home Decor,Mangaluru,2/28/2024,362,66,158481.81,8367.59,9767,0.04,0.21,86870.59,3.5,4.7
Flipkart,Electronics,Chikkamagaluru,8/27/2023,344,39,203182.69,2772.17,4455,0.08,0.27,191322.85,4.2,3.3
Flipkart,Home Decor,Bengaluru Rural,12/10/2024,300,50,199643.75,8727.75,8195,0.04,0.09,148662.95,3.8,5.8
Flipkart,Electronics,Hubballi-Dharwad,8/19/2024,265,38,160208.06,8148.96,5255,0.05,0.3,121722.28,4.7,4.1
Myntra,Electronics,Ballari,11/17/2024,480,23,97549.82,4110.69,2853,0.17,0.07,79082.57,3.9,3.5
Flipkart,Electronics,Vijayapura,9/24/2023,210,6,43852.94,4773.07,7834,0.03,0.06,33431.76,4.3,2.1
Amazon,Fashion,Chitradurga,7/14/2024,256,1,199526.69,5787.38,2310,0.11,0.14,192946.34,4.1,3.2
Myntra,Fashion,Chikkaballapur,4/19/2025,303,33,179797.1,4458.05,3185,0.1,0.23,166527.15,4.1,2.8
Amazon,Fashion,Mysuru,10/9/2024,137,17,71238.11,4007.07,9385,0.01,0.24,59028.32,4.9,4.4
Flipkart,Electronics,Ballari,12/11/2023,287,4,180295.88,6096.84,4500,0.06,0.24,172316.48,3.7,4.3
Amazon,Electronics,Belagavi,4/15/2023,497,31,226257.78,8811.2,1385,0.36,0.23,186901.58,5,6
Amazon,Electronics,Ballari,5/23/2023,475,19,432909.32,9996.5,2738,0.17,0.06,409545.21,4.1,3.7
Flipkart,Home Decor,Bellary,6/27/2025,346,59,263204.74,7172.29,8130,0.04,0.29,241294.71,4.2,5.7
Myntra,Electronics,Hubballi-Dharwad,5/17/2024,159,17,74182.61,3548.41,7234,0.02,0.29,64368.99,3.2,2.9
Amazon,Electronics,Ramanagara,12/26/2025,230,15,54087.6,5259.89,3112,0.07,0.2,35780.82,3.5,1.3
Myntra,Fashion,Chitradurga,2/27/2023,417,46,248359.5,8495.19,6686,0.06,0.07,204144.79,4.3,2.6
Flipkart,Home Decor,Bengaluru Urban,10/25/2023,161,29,109331.54,4591.15,7737,0.02,0.21,77131.52,3.5,6.6
Myntra,Home Decor,Ramanagara,9/16/2023,392,64,101237.73,5786.6,8999,0.04,0.17,40071.38,3.6,6
Amazon,Electronics,Mysuru,2/19/2025,217,0,140296.29,9170.13,2211,0.1,0.11,131126.16,3.6,4.7
Flipkart,Electronics,Hassan,6/28/2023,229,27,191739.71,7210.67,9901,0.02,0.26,161185.9,4.7,7
Myntra,Electronics,Bengaluru Rural,4/8/2025,429,47,353415.29,7507.37,7465,0.06,0.13,301489.75,4.4,2.3
Amazon,Fashion,Ramanagara,1/19/2023,220,26,64076.81,6665.12,5335,0.04,0.28,51121.35,3.6,4.3
Myntra,Electronics,Hassan,1/4/2025,303,35,137303.62,2192.39,4193,0.07,0.08,116855.25,3.5,1.9
Amazon,Home Decor,Mandya,6/17/2025,301,8,94754.05,4717.41,8476,0.04,0.09,82168.14,3.8,5.3
Myntra,Fashion,Hassan,10/15/2024,344,51,308814.54,6148.01,1374,0.25,0.09,254637.39,3.7,3.2
Amazon,Home Decor,Udupi,3/24/2024,166,14,145335.28,6730.51,6324,0.03,0.21,124839.69,3.2,2.9
Flipkart,Electronics,Koppal,7/14/2024,294,16,291682.76,6647.13,3525,0.08,0.22,276238.74,3.7,3
Myntra,Home Decor,Bagalkot,2/25/2025,265,45,93170.8,3968.35,7546,0.04,0.28,66214.87,3.8,5.6
Myntra,Home Decor,Chikkamagaluru,4/6/2025,352,28,128375.28,1859.43,8240,0.04,0.22,110533.42,4.6,5.8
Flipkart,Electronics,Bellary,9/25/2024,485,73,189056.2,6899.05,9486,0.05,0.26,167353.37,4.3,4.1
Myntra,Electronics,Mysuru,1/1/2024,395,1,166302.24,7566.28,9809,0.04,0.18,158425.18,4.9,1.4
Flipkart,Electronics,Hassan,5/18/2024,403,63,212688.29,3610.77,1481,0.27,0.23,147902.68,4.8,4.9
Flipkart,Home Decor,Bengaluru Urban,3/25/2025,266,16,118018.29,4088.94,4348,0.06,0.25,107945.86,3,3.1
Myntra,Home Decor,Kodagu,2/8/2023,440,26,92972.68,9100.72,9954,0.04,0.09,74493.63,3.2,6.4
Myntra,Fashion,Bellary,9/1/2024,318,4,266894.44,1297.49,2799,0.11,0.29,263548.5,4.6,2.4
Flipkart,Electronics,Bengaluru Rural,8/2/2023,100,2,45253.17,2320.58,5595,0.02,0.19,41747.44,3.5,1.6
Amazon,Home Decor,Raichur,8/10/2025,286,36,112957.67,4313.4,1109,0.26,0.07,77520.65,3.6,4.4
Myntra,Fashion,Bellary,8/19/2023,352,10,299727.29,6726.29,8699,0.04,0.06,284801.39,4.8,6.5
Amazon,Fashion,Yadgir,4/17/2023,434,44,412852.16,9950.53,2593,0.17,0.06,360757.82,3.8,1.6
Myntra,Fashion,Haveri,2/26/2025,259,27,189679.77,4901.01,5228,0.05,0.16,163203.27,4.4,3.9
Myntra,Home Decor,Hubballi-Dharwad,12/6/2023,161,0,70011.47,5811.86,9373,0.02,0.07,64199.61,4,5.5
Flipkart,Home Decor,Ballari,9/11/2025,113,2,47862.22,1632.69,9341,0.01,0.23,45660.96,3.5,2.5
Flipkart,Home Decor,Raichur,12/17/2023,346,57,274708.67,1001.72,2834,0.12,0.18,254277.09,5,6.7
Amazon,Fashion,Yadgir,12/6/2024,413,25,115524.72,3233.91,4478,0.09,0.11,93760.68,4,6.6
Amazon,Fashion,Bidar,5/10/2025,128,5,89892.51,3203.5,1566,0.08,0.05,84748.69,3.9,5.2
Myntra,Home Decor,Ballari,4/7/2024,415,0,239523.03,6285.29,7407,0.06,0.29,233237.74,3.4,4.1
Myntra,Fashion,Davangere,11/24/2024,192,13,149713.33,7046,8909,0.02,0.26,136580.88,3.5,4.9
Flipkart,Fashion,Mysuru,9/25/2024,302,31,162424.3,1595.13,7478,0.04,0.23,152243.96,4.2,5.7
Myntra,Electronics,Tumakuru,2/21/2023,292,22,249270.13,3198.3,7867,0.04,0.22,225362.04,4.8,5
Flipkart,Fashion,Koppal,3/24/2025,395,20,284168.97,8285.18,5078,0.08,0.15,256984.9,4.3,3.9
Flipkart,Electronics,Udupi,11/23/2023,136,21,88994.06,7089.07,4358,0.03,0.16,77216.2,3.8,2.4
Flipkart,Fashion,Dharwad,8/19/2025,446,45,286475,4344.3,9010,0.05,0.12,270539.49,4.6,6
Myntra,Fashion,Udupi,2/27/2023,217,35,140942.75,3864.37,9417,0.02,0.22,120773.98,4.2,5.1
Amazon,Home Decor,Kodagu,6/14/2023,292,4,267737.93,2645.91,9451,0.03,0.18,262291.12,3.6,5.7
Myntra,Fashion,Chitradurga,11/16/2023,490,85,268439.38,9026.51,1310,0.37,0.22,195867.14,4.5,3
Myntra,Electronics,Belagavi,3/7/2023,170,27,39110.74,6833.59,4068,0.04,0.27,25539.84,5,5
Flipkart,Fashion,Kalaburagi,11/14/2024,169,10,136032.32,3618.49,9436,0.02,0.05,123738.08,4.2,4.4
Myntra,Electronics,Gadag,4/24/2025,218,39,139418.85,8302.58,2979,0.07,0.21,111619.72,4.5,5.8
Amazon,Fashion,Chikkaballapur,8/22/2024,348,0,229000.64,6034.61,9779,0.04,0.08,222966.03,3.6,6.2
Flipkart,Fashion,Kolar,6/26/2023,133,5,89751.13,4488.95,5882,0.02,0.07,80466.54,3,4.1
Amazon,Fashion,Koppal,3/22/2023,263,39,156208.21,6450.68,5479,0.05,0.16,119627.04,3.5,5.3
Amazon,Electronics,Bengaluru Rural,12/12/2023,216,35,177803.18,4140.72,8783,0.02,0.13,164462.01,3.8,5.6
Amazon,Home Decor,Raichur,1/11/2024,224,43,130778.77,6899.59,6334,0.04,0.29,109210.75,4.9,6.6
Flipkart,Fashion,Davangere,12/24/2024,255,20,66383.76,1351.25,2520,0.1,0.14,54923.54,3,6.2
Myntra,Electronics,Kalaburagi,10/6/2024,147,18,41038.7,4801.12,1594,0.09,0.19,27509.15,3.5,5.6
Myntra,Fashion,Hubballi-Dharwad,3/5/2023,367,15,178793.86,4067.9,3266,0.11,0.26,170664.18,3,3
Flipkart,Electronics,Bidar,8/14/2023,252,1,105194.09,4374.75,3740,0.07,0.06,100248.89,3.5,6
Myntra,Electronics,Mangaluru,4/17/2025,316,12,216871.09,5781.96,4508,0.07,0.09,199810.82,3.1,3.9
Amazon,Fashion,Udupi,4/13/2023,115,7,90096.82,6298.73,8689,0.01,0.05,78170.47,3.3,2
Myntra,Fashion,Kolar,11/11/2024,368,30,299320.45,6741.96,3519,0.1,0.11,275761.88,4.2,5.5
Amazon,Fashion,Bagalkot,3/15/2023,478,50,204075.84,4928.6,9377,0.05,0.24,166865.47,4.9,1.2
Myntra,Home Decor,Bengaluru Rural,6/24/2025,199,19,106163.46,6540.3,4065,0.05,0.19,83552.84,4.1,2.6
Flipkart,Fashion,Kolar,10/7/2023,412,38,248227.09,6701.49,5641,0.07,0.13,223946.28,4.5,1.6
Flipkart,Fashion,Vijayapura,3/8/2023,486,68,284702.78,1921.01,6149,0.08,0.22,232213.15,4,2.5
Myntra,Fashion,Koppal,4/26/2024,150,19,56242.04,9159.28,4792,0.03,0.15,32980.33,4.9,1.3
Amazon,Electronics,Shivamogga,6/23/2025,150,7,108288.32,9752.74,4522,0.03,0.15,93964.51,4.9,2.7
Myntra,Home Decor,Dharwad,10/7/2025,281,9,74828.42,4674.87,4622,0.06,0.13,62038.33,3.8,4.4
Myntra,Fashion,Kalaburagi,2/5/2024,304,15,221635.89,9317.97,2115,0.14,0.13,205390.99,4.6,2.4
Amazon,Home Decor,Raichur,1/18/2025,203,28,160388.92,6430.14,7428,0.03,0.21,131810.52,4.1,6.3
Flipkart,Fashion,Hassan,3/26/2025,428,25,255219.42,6798.27,4906,0.09,0.09,233850.85,4,6.3
Flipkart,Fashion,Mandya,10/21/2023,305,20,304864.09,4579.6,4592,0.07,0.09,282890.47,5,3.9
Flipkart,Fashion,Gadag,4/2/2025,137,22,128476.81,8246.95,1964,0.07,0.22,101909.21,4.2,1.4
Flipkart,Electronics,Chikkamagaluru,6/19/2024,489,72,351738.88,6093.53,2502,0.2,0.08,321845.9,4.3,2.1
Myntra,Home Decor,Vijayapura,8/20/2025,408,55,400049.01,6294.87,4800,0.09,0.14,346564.91,4,4.6
Myntra,Home Decor,Ballari,7/10/2025,375,60,330220.68,8161.69,9786,0.04,0.23,295805.28,4.9,5.6
Flipkart,Fashion,Mandya,9/25/2024,256,20,62763.52,5424.71,5993,0.04,0.11,50255.44,4.2,4.1
Myntra,Electronics,Bengaluru Urban,1/19/2025,353,63,122794.83,1109.56,8230,0.04,0.23,67338.43,3.8,4.8
Myntra,Electronics,Gadag,1/5/2023,317,5,312672.61,5785.16,3508,0.09,0.13,302570.24,3.9,5
Flipkart,Electronics,Hassan,5/27/2024,330,7,89170,1310.48,4933,0.07,0.12,83317.01,4,2.9
Flipkart,Home Decor,Davangere,9/1/2024,301,12,221331.52,3604.95,9869,0.03,0.19,213274.92,3.8,6.1
Flipkart,Electronics,Chitradurga,5/28/2024,229,37,170106.46,7089.86,2002,0.11,0.19,143892.85,4.1,1.9
Flipkart,Fashion,Ramanagara,11/24/2023,415,7,380387.44,9698.12,9955,0.04,0.12,364583.35,3.8,3.8
Flipkart,Electronics,Shivamogga,6/15/2025,133,7,44087.13,5350.66,4521,0.03,0.17,33763,4.4,5.7
Myntra,Home Decor,Chikkaballapur,9/16/2023,450,41,384156.87,3730.85,7932,0.06,0.07,365533.48,3.7,1.8
Myntra,Electronics,Kalaburagi,4/6/2023,459,13,286038.37,3468.35,5779,0.08,0.3,274272.03,3.1,3.8
Myntra,Electronics,Bidar,7/28/2024,499,14,137399.79,7744.6,8733,0.06,0.08,121446.04,4.2,1.6
Myntra,Fashion,Gadag,2/17/2024,485,40,461272.9,3203.94,7022,0.07,0.26,436055.1,4.1,2.7
Amazon,Home Decor,Bidar,2/18/2024,248,43,201596.18,6945.42,3296,0.08,0.2,165189.45,4.9,3.6
Myntra,Electronics,Tumakuru,10/17/2024,374,27,228228.09,7726.23,4861,0.08,0.09,207058.37,4,4.8
Flipkart,Electronics,Bidar,6/16/2025,355,63,209339.46,5309.07,8801,0.04,0.12,172486.81,3.2,3.1
Flipkart,Electronics,Tumakuru,12/28/2023,437,33,97832.24,2395.5,5625,0.08,0.11,82312.92,4,3.4
Flipkart,Home Decor,Bidar,2/25/2023,199,6,153759,5625.88,1697,0.12,0.22,145572.18,3.6,1.2
Flipkart,Electronics,Raichur,4/19/2025,460,78,311688.35,5339.99,2669,0.17,0.25,268471.99,3.7,2.9
Flipkart,Home Decor,Mysuru,12/24/2023,249,46,208798.54,2264.9,2670,0.09,0.22,175992.16,3.3,3.5
Myntra,Home Decor,Dharwad,1/11/2023,431,62,208997.21,8836.5,7331,0.06,0.08,181344.53,3.9,6.7
Flipkart,Electronics,Chikkaballapur,8/12/2024,267,41,193434.52,4981.21,2215,0.12,0.28,155925.24,4.7,4
Flipkart,Electronics,Kalaburagi,7/19/2023,173,12,71221.23,5921.62,3060,0.06,0.14,58859.9,3,5.9
Amazon,Fashion,Hubballi-Dharwad,11/16/2023,186,21,155002.15,3504.42,9974,0.02,0.15,143760.87,4.8,4.1
Amazon,Home Decor,Tumakuru,11/18/2023,496,35,304453.51,1648.9,6776,0.07,0.23,280299.24,3.4,2.7
Flipkart,Home Decor,Bagalkot,3/17/2025,114,19,79636.51,6783.3,2716,0.04,0.19,57849.26,4.2,1.2
Myntra,Fashion,Ballari,2/28/2024,313,28,156555.76,7153.31,1446,0.22,0.28,122016.05,3.6,1.3
Myntra,Home Decor,Hubballi-Dharwad,11/23/2024,129,22,29815.23,7010.56,2828,0.05,0.08,7940.64,4.3,4.1
Myntra,Electronics,Hubballi-Dharwad,5/24/2023,183,0,43826.31,9464.92,2685,0.07,0.27,34361.39,3.8,1.8
Amazon,Home Decor,Bengaluru Rural,6/8/2025,279,13,65994.02,8258.96,9588,0.03,0.14,45794.52,3.2,5.4
Amazon,Fashion,Chikkamagaluru,6/17/2023,293,47,256801.24,1493.87,5474,0.05,0.24,241094.36,4.6,1.7
Amazon,Home Decor,Kolar,9/11/2024,488,57,103811.25,5799.77,2676,0.18,0.27,47789.44,3.3,2.1
Amazon,Electronics,Tumakuru,6/12/2023,301,14,286197.51,3406.65,2586,0.12,0.15,276112.16,3.7,3.7
Myntra,Fashion,Davangere,2/24/2025,349,47,295633.5,7564.29,8133,0.04,0.25,247539.66,3.3,5.1
Flipkart,Fashion,Bengaluru Rural,3/7/2025,299,4,60183.03,1247.56,8949,0.03,0.16,55273.06,4.7,5
Myntra,Home Decor,Udupi,3/16/2023,265,3,105341.84,4896.04,2149,0.12,0.19,99736.07,4,1.3
Flipkart,Electronics,Mandya,12/24/2025,172,29,78447.43,1229.35,1813,0.09,0.18,68206.32,3.7,2.2
Amazon,Fashion,Davangere,3/1/2023,106,14,24307.37,7801.39,9175,0.01,0.18,7167.98,3.3,4.6
Flipkart,Home Decor,Chikkaballapur,3/11/2024,315,46,66975.71,7564.89,8193,0.04,0.19,35631.99,3.5,3.5
Amazon,Electronics,Tumakuru,2/8/2025,290,5,195544.33,8843.13,1576,0.18,0.18,182236.22,4.8,5.9
Flipkart,Fashion,Shivamogga,3/8/2023,201,15,176528.97,1172.3,1579,0.13,0.18,160856.17,4,6.2
Myntra,Fashion,Gadag,4/28/2025,320,28,119688.31,3015.11,3905,0.08,0.16,104823.94,3.2,1.3
Myntra,Fashion,Koppal,12/26/2025,393,75,276741.72,5388.52,3343,0.12,0.15,223327.18,4.4,6.9
Amazon,Electronics,Dharwad,3/16/2023,221,3,126294.97,7678.56,1042,0.21,0.19,116787.03,3,3.7
Flipkart,Home Decor,Kodagu,1/5/2025,496,63,178528.59,5393.57,6511,0.08,0.2,156638.6,4.2,4.1
Myntra,Electronics,Udupi,6/25/2023,162,8,93455.13,9803.77,2972,0.05,0.05,75945.54,3.1,3.3
Flipkart,Home Decor,Shivamogga,1/25/2025,298,8,87260.48,6802.9,9080,0.03,0.28,78635.24,4.7,1.4
Amazon,Fashion,Bidar,6/4/2025,149,25,77223.69,6123.7,4304,0.03,0.26,52015.38,4.8,3.4
Flipkart,Electronics,Chikkaballapur,10/20/2023,390,7,129796.37,6141.27,9361,0.04,0.23,117989.44,4.7,6.2
Myntra,Electronics,Bellary,9/27/2025,185,8,164558.05,3132.32,6424,0.03,0.19,155572.37,4.9,1.5
Flipkart,Fashion,Mangaluru,7/18/2023,157,2,57776.66,3032.37,6172,0.03,0.25,54000.96,4.8,1.5
Flipkart,Electronics,Yadgir,2/15/2024,211,27,165768.84,6783.16,9916,0.02,0.14,148720.57,4.4,5.6
Myntra,Fashion,Ballari,4/26/2025,368,14,345266.43,5993.31,6775,0.05,0.16,329915.59,4.5,4
Amazon,Electronics,Yadgir,2/8/2024,475,90,428697.2,3454.57,3570,0.13,0.15,340547.04,3.3,1.1
Amazon,Electronics,Bellary,7/6/2024,185,16,143068.13,7662.27,3848,0.05,0.29,126577.01,4.3,3.4
Flipkart,Electronics,Kalaburagi,2/26/2025,113,1,26320.17,8507.74,6186,0.02,0.1,17402.27,3.1,7
Amazon,Fashion,Bagalkot,12/8/2023,305,40,193497.76,3891.27,7180,0.04,0.15,167682.31,4.6,1.1
Flipkart,Home Decor,Belagavi,5/20/2025,242,23,238382.57,4864.99,7129,0.03,0.2,227928.62,4,3.6
Myntra,Electronics,Koppal,3/26/2023,204,10,169815.34,1449.64,1420,0.14,0.19,163763.93,4.5,1.6
Flipkart,Fashion,Mandya,4/28/2025,281,27,244036.59,8098.63,3872,0.07,0.07,224646.06,4.6,1.4
Flipkart,Home Decor,Udupi,5/13/2025,281,47,183967.12,5254.69,7037,0.04,0.12,141794.24,3.3,6.9
Amazon,Electronics,Koppal,4/18/2023,194,25,95283.55,1084.15,4440,0.04,0.29,81362.77,4.5,4.9
Myntra,Electronics,Ramanagara,9/14/2024,444,4,292329.88,4763.65,9805,0.05,0.25,284682.62,3.1,1.6
Myntra,Fashion,Vijayapura,2/17/2025,448,19,151996.53,8943.38,6079,0.07,0.28,132449.11,3.8,2.1
Myntra,Electronics,Bagalkot,4/4/2025,354,48,283937.64,2961.12,3897,0.09,0.09,257540.8,3.2,4.9
Amazon,Home Decor,Mysuru,5/19/2025,133,1,118971.42,5495.34,1924,0.07,0.07,112931,3.9,4.8
Amazon,Home Decor,Bellary,11/4/2025,236,45,214313.04,9616.45,3358,0.07,0.07,161235.89,3.9,6.4
Amazon,Electronics,Bengaluru Rural,4/15/2023,128,23,102644.52,4588.15,2366,0.05,0.1,87710.92,4.9,4.8
Myntra,Home Decor,Ramanagara,10/17/2023,125,6,38230.06,2136.77,6414,0.02,0.27,34599.73,4.6,3.2
Amazon,Fashion,Davangere,8/18/2024,479,43,209663.71,7385.87,4504,0.11,0.09,170654.65,4.6,4.8
Myntra,Fashion,Bidar,5/3/2024,354,44,310967.68,2747.82,9635,0.04,0.22,280553.11,3.3,6.3
Amazon,Home Decor,Koppal,2/22/2025,208,10,138916.21,9328.61,6594,0.03,0.24,119746.88,4.9,1.1
Amazon,Home Decor,Chitradurga,12/18/2025,349,37,111478.77,8448.39,7178,0.05,0.22,80232.8,4.9,1.9
Amazon,Electronics,Gadag,6/2/2024,291,18,110798.78,2995.68,9255,0.03,0.16,97009.89,4.4,5.7
Myntra,Home Decor,Hubballi-Dharwad,5/17/2023,396,11,319080.39,2005.41,2528,0.16,0.17,314395.21,4.6,2
Amazon,Fashion,Hassan,6/3/2023,406,71,180906.37,1938.73,1170,0.35,0.26,133161.16,5,4.8
Myntra,Home Decor,Hubballi-Dharwad,6/19/2023,143,7,79037.48,5142.85,1200,0.12,0.2,71933.98,3.1,5.7
Flipkart,Fashion,Kalaburagi,5/1/2024,103,3,26697.89,1979.33,3592,0.03,0.2,22181.83,3.8,2.5
Amazon,Fashion,Dharwad,12/16/2023,175,2,36681.36,3012.18,1243,0.14,0.15,32986.9,3.3,6.4
Flipkart,Fashion,Bengaluru Rural,11/25/2023,232,40,69318.26,8178.3,5399,0.04,0.12,25001.52,4.9,6
Flipkart,Electronics,Vijayapura,11/14/2024,439,7,433621.19,8853.64,9311,0.05,0.08,422549.13,3.5,2.2
Amazon,Home Decor,Mangaluru,5/3/2023,212,35,146755.77,3730.18,6606,0.03,0.18,114910.12,4.5,4.8
Amazon,Electronics,Shivamogga,8/25/2025,494,64,252815.61,1811.19,9085,0.05,0.3,224423.4,3.8,3.7
Myntra,Electronics,Haveri,12/28/2024,455,41,337075.4,6342.71,1841,0.25,0.27,316554.26,4.3,5.7
Amazon,Fashion,Ballari,3/21/2024,152,10,98984.2,3504.39,1981,0.08,0.12,86067.7,4.4,1.1
Amazon,Fashion,Mandya,6/28/2024,390,73,315884.26,8523.62,3756,0.1,0.17,269747.75,4.1,2
Flipkart,Electronics,Belagavi,2/27/2025,405,67,198687.97,5250.8,9813,0.04,0.06,153202.66,4.1,3.1
Amazon,Fashion,Chitradurga,8/23/2025,270,44,234437.7,9731.86,9528,0.03,0.12,208848.13,3.6,3.8
Myntra,Fashion,Udupi,4/26/2023,116,19,89072.77,5037.76,7339,0.02,0.25,67119.96,4.5,1.3
Flipkart,Electronics,Hassan,3/22/2024,346,19,102634.44,2272.36,1264,0.27,0.11,90943.22,3.3,4.2
Myntra,Electronics,Mandya,9/26/2024,455,8,377053.14,7475.1,9930,0.05,0.3,364812.85,4.1,3.7
Flipkart,Home Decor,Hassan,8/13/2023,159,11,59096.45,3403.37,4233,0.04,0.12,50716.38,4.5,1.5
Amazon,Home Decor,Belagavi,8/1/2025,448,41,373266.55,5328.09,2315,0.19,0.26,328521.63,4,5.9
Amazon,Home Decor,Chikkaballapur,10/1/2024,338,5,162522.59,5376,3077,0.11,0.29,153039.33,4.8,1.7
Amazon,Fashion,Ballari,2/4/2023,109,17,23560.41,3468.64,8487,0.01,0.06,6431.68,3.6,2.1
Myntra,Home Decor,Bengaluru Rural,1/8/2024,154,28,79572.43,3167.46,8451,0.02,0.09,56841.16,3.9,5.6
Flipkart,Home Decor,Kolar,8/9/2024,236,43,101429.92,9048.22,4843,0.05,0.22,61086.6,4.9,3.2
Amazon,Home Decor,Kodagu,1/21/2025,338,12,224176.07,7352.86,5099,0.07,0.08,210570.15,4.3,1
Myntra,Electronics,Ramanagara,7/2/2023,328,33,236757.19,6429.24,3110,0.11,0.13,202037.44,3.2,3.3
Amazon,Fashion,Bengaluru Urban,7/26/2023,418,58,89251.6,1335.18,5660,0.07,0.07,46238.77,4.9,6.2
Flipkart,Electronics,Kolar,4/23/2025,368,6,288548.27,3461.36,1330,0.28,0.23,282356.32,4.5,4.9
Amazon,Home Decor,Udupi,8/3/2025,426,39,216922.89,7684.15,9877,0.04,0.12,175898.94,3,3.7
Flipkart,Electronics,Raichur,11/11/2023,380,45,206420.99,5589.96,9360,0.04,0.15,184858.61,5,6.7
Myntra,Fashion,Gadag,6/9/2024,389,28,333055.52,7147.83,3275,0.12,0.06,301624.73,3.6,4.6
Flipkart,Fashion,Chikkamagaluru,12/21/2023,337,26,240562.41,9970.28,5099,0.07,0.27,211760.16,3.5,3.1
Flipkart,Electronics,Belagavi,9/5/2025,321,49,308022,3040.06,3729,0.09,0.16,255997.51,3.1,2.8
Amazon,Home Decor,Belagavi,3/23/2024,248,20,75256.06,9196.77,2432,0.1,0.23,46552.93,4.6,2.4
Myntra,Electronics,Chikkamagaluru,7/12/2024,448,15,360888.9,2970.27,3575,0.13,0.28,352246.86,3.2,4.4
Flipkart,Home Decor,Koppal,4/19/2025,101,2,68377.48,4126.11,2372,0.04,0.27,63221.09,4.3,5.7
Amazon,Home Decor,Bellary,9/6/2024,120,14,33944.35,9555.92,2348,0.05,0.14,12237.97,3.8,6.5
Myntra,Home Decor,Belagavi,4/13/2024,384,27,195476.24,7085.04,9505,0.04,0.23,172832.32,4,1.8
Flipkart,Electronics,Tumakuru,5/23/2025,180,6,128746.91,9301.39,4522,0.04,0.23,115116.46,4.6,6.3
Myntra,Home Decor,Tumakuru,8/6/2023,307,24,216456.01,1084.4,5139,0.06,0.06,206970.05,3.3,4
Flipkart,Fashion,Bagalkot,1/26/2025,240,18,157768.68,7079.96,2804,0.09,0.1,135645.58,3.7,5.4
Myntra,Electronics,Chitradurga,6/17/2025,440,45,352850.14,9576.25,2098,0.21,0.24,333206.8,4.8,1.5
Flipkart,Home Decor,Udupi,5/2/2025,158,24,117536.71,4626.72,5857,0.03,0.18,96722.77,4.2,3.1
Myntra,Electronics,Chitradurga,2/3/2025,102,8,56587.17,8104.87,6033,0.02,0.26,41448.49,4.3,2.3
Flipkart,Home Decor,Mandya,12/8/2025,230,8,84614.96,9472.65,4822,0.05,0.17,70587.49,4,2.1
Flipkart,Fashion,Mandya,8/27/2024,446,30,164945.13,4865.6,7773,0.06,0.22,131137.63,4.3,3.3
Myntra,Home Decor,Bengaluru Rural,8/27/2023,282,47,263534.53,6673.28,8675,0.03,0.28,218777.91,4.8,6.5
Myntra,Electronics,Haveri,3/14/2024,199,11,107693.41,4520.1,4831,0.04,0.26,94449.26,3.6,5.1
Myntra,Home Decor,Udupi,1/8/2024,499,15,347126.89,2923.46,1530,0.33,0.09,330409.01,4.9,3
Flipkart,Electronics,Ramanagara,1/24/2023,157,15,132413.59,3148.5,8573,0.02,0.1,123082.27,4.6,1.2
Amazon,Fashion,Kodagu,7/28/2024,126,14,73100.47,5821.18,2730,0.05,0.22,60338.94,4.1,4.3
Amazon,Electronics,Mangaluru,1/22/2025,138,25,132518.44,9156.33,2395,0.06,0.29,106680.74,4.3,1.1
Flipkart,Fashion,Yadgir,9/24/2024,398,25,245098.68,4777.67,3453,0.12,0.07,219024.84,4,4.9
Myntra,Home Decor,Chitradurga,6/23/2024,136,20,94485.05,2156.26,6471,0.02,0.18,77679.88,3.6,2.5
Myntra,Fashion,Davangere,5/22/2024,413,11,269800.88,6642.24,1514,0.27,0.22,258622.81,3.2,2.9
Flipkart,Electronics,Bengaluru Rural,5/19/2023,129,19,123254.71,4818.95,2179,0.06,0.07,113953.86,4.2,4.3
Flipkart,Home Decor,Shivamogga,7/27/2025,176,29,113132.51,3784.75,7262,0.02,0.21,90546.61,3.7,5.6
Flipkart,Fashion,Udupi,3/24/2024,424,25,148634.46,1600.43,4366,0.1,0.26,135793.64,3.9,2.9
Myntra,Home Decor,Chikkamagaluru,2/10/2024,305,0,261410.51,4032.02,1918,0.16,0.19,257378.49,4.1,2.6
Myntra,Electronics,Tumakuru,1/6/2024,328,62,258494.5,7025.72,2029,0.16,0.07,221604.33,3.2,2.2
Amazon,Electronics,Chikkaballapur,3/8/2023,273,31,219045.17,7881.48,9253,0.03,0.27,196508.12,3.4,6.7
Myntra,Home Decor,Hassan,11/9/2025,121,23,63658.02,6018.04,9679,0.01,0.14,46841.33,4.3,2.7
Flipkart,Fashion,Kalaburagi,8/10/2023,311,7,166175.59,2110.2,8051,0.04,0.25,160138.21,3.5,2.9
Amazon,Home Decor,Udupi,10/20/2024,404,7,112804.79,5800.41,1489,0.27,0.24,100472.57,3.6,5.6
Flipkart,Home Decor,Mandya,4/13/2025,272,24,80607.29,6601.14,2560,0.11,0.15,50901.88,4.4,4.3
Myntra,Electronics,Mandya,9/28/2023,174,6,56218.68,6066.95,2170,0.08,0.13,46674.77,5,2.1
Myntra,Home Decor,Shivamogga,1/26/2025,368,43,306757.7,6705.66,4766,0.08,0.08,258648.7,3.9,1.7
Amazon,Fashion,Bidar,8/12/2024,487,75,131835.24,1258.42,1583,0.31,0.06,93635.37,4.6,1.2
Amazon,Electronics,Bengaluru Urban,10/1/2025,328,45,273972.65,8364.81,4105,0.08,0.09,245184.44,3.7,2.6
Flipkart,Fashion,Kalaburagi,7/20/2023,291,44,86702.41,3267.58,9163,0.03,0.14,41015.09,4.8,5.8
Flipkart,Home Decor,Kalaburagi,5/5/2024,121,9,102159.77,5051.52,5262,0.02,0.28,90357.44,4.7,7
Flipkart,Electronics,Koppal,12/12/2025,353,11,209366.45,4311.2,1506,0.23,0.27,197927.36,4.4,3.7
Myntra,Fashion,Mandya,3/25/2025,217,9,79401.47,8720.1,2275,0.1,0.09,68872.71,4,5.3
Amazon,Electronics,Dharwad,3/26/2023,400,51,307153.95,6823.2,1956,0.2,0.11,267316.58,4.2,5.4
Flipkart,Fashion,Bidar,6/6/2025,266,26,85063.34,3268.2,8125,0.03,0.23,71475.16,3.1,5
Myntra,Electronics,Shivamogga,8/5/2023,360,1,244072.2,5061.33,3310,0.11,0.18,238532.25,4.6,2.6
Myntra,Home Decor,Chitradurga,12/10/2024,253,20,141663.58,7860.67,2045,0.12,0.27,122705.82,4.3,6.7
Flipkart,Fashion,Davangere,7/7/2024,432,19,424082.3,6150.91,4721,0.09,0.11,413799.72,3.6,2.4
Myntra,Electronics,Davangere,4/11/2025,209,14,203405.18,2159.64,2094,0.1,0.15,188585.76,3.8,2.7
Myntra,Home Decor,Bagalkot,2/15/2025,124,11,113645.73,6857.8,6908,0.02,0.14,99911.72,5,4.6
Amazon,Fashion,Mysuru,3/13/2023,398,24,256078.18,4227.19,8269,0.05,0.29,244571.86,4.5,4.5
Myntra,Home Decor,Mangaluru,8/27/2023,457,64,164946.8,2939.2,9159,0.05,0.21,121345.88,3.4,4.7
Myntra,Home Decor,Chitradurga,9/28/2024,337,1,134702.18,4333.14,2617,0.13,0.27,130046.92,3.2,5.5
Amazon,Electronics,Kolar,6/17/2024,106,3,36104.34,4817.59,5567,0.02,0.19,29748.94,4,2.2
Flipkart,Home Decor,Kolar,3/23/2025,404,11,271554.41,6090.14,3402,0.12,0.18,260119.13,3.3,1.5
Myntra,Electronics,Raichur,10/7/2023,278,5,143542.87,7809.6,2666,0.1,0.16,131468.88,5,4.4
Amazon,Electronics,Gadag,12/5/2024,218,24,117833.73,2985.37,8063,0.03,0.28,106274.78,4.5,6.1
Flipkart,Home Decor,Mandya,9/21/2025,385,33,111461.35,2185.62,7640,0.05,0.2,90882.95,3.2,2.2
Flipkart,Home Decor,Davangere,6/13/2023,173,32,169382.65,6018.62,7811,0.02,0.23,152293.88,4.1,1.8
Myntra,Electronics,Chikkaballapur,12/9/2023,221,12,101679.13,7717.56,6032,0.04,0.06,85315.21,3.2,4.2
Amazon,Home Decor,Vijayapura,2/18/2023,275,42,247740.46,5922.91,3056,0.09,0.25,207674.91,3.9,3.7
Flipkart,Electronics,Kalaburagi,2/7/2023,481,56,269358.61,5553.86,5316,0.09,0.2,215725.55,3.8,3.7
Amazon,Fashion,Shivamogga,1/1/2025,140,1,134311.05,4558.76,8276,0.02,0.16,129022.2,3.9,2.7
Flipkart,Fashion,Bengaluru Urban,3/21/2024,128,22,111644.59,6513.71,5561,0.02,0.24,84865.79,4.8,2.3
Myntra,Electronics,Kodagu,6/15/2024,472,25,464766.12,4523.75,8145,0.06,0.12,447805.71,3.8,1.4
Myntra,Fashion,Bengaluru Urban,5/25/2024,319,1,114245.06,2706.43,8614,0.04,0.06,110948.13,3.1,5.8
Myntra,Home Decor,Chikkamagaluru,1/17/2025,158,2,124415.16,8611.14,7235,0.02,0.16,115239.68,4.4,3.7
Flipkart,Home Decor,Kodagu,10/24/2024,489,51,125557.44,9626.14,1515,0.32,0.29,104289.44,4.1,3.3
Myntra,Electronics,Raichur,5/22/2023,298,13,219787.24,9374.64,1176,0.25,0.18,206770.13,4.1,6.6
Flipkart,Home Decor,Koppal,3/2/2024,384,53,122755.73,8845.44,1011,0.38,0.1,95561.97,4.2,2.5
Flipkart,Fashion,Yadgir,10/23/2025,376,71,310382.68,9798.92,3341,0.11,0.07,262887.24,3.8,4.1
Myntra,Fashion,Udupi,8/1/2024,168,23,48121.57,5897.54,4459,0.04,0.3,37212.09,3.8,3
Flipkart,Home Decor,Ballari,7/28/2023,342,45,92256.43,2381.19,4752,0.07,0.09,69865.63,3.8,1.8
Myntra,Fashion,Dharwad,3/11/2024,159,23,154043.53,7420.32,8935,0.02,0.2,132380.3,4.6,3
Amazon,Fashion,Yadgir,4/21/2024,296,55,251694.41,9868.38,2079,0.14,0.18,228208.57,3.8,1.4
Flipkart,Fashion,Kodagu,12/5/2025,410,52,202034.9,9868.61,3438,0.12,0.11,153372.76,3.9,4.5
Amazon,Electronics,Koppal,5/19/2024,111,21,106201.88,3302.78,9111,0.01,0.12,83698.61,3.1,4.3
Flipkart,Home Decor,Bidar,5/26/2023,329,26,78716.79,2039.69,2364,0.14,0.16,59421.87,3.4,6.2
Amazon,Electronics,Ballari,3/19/2023,457,31,384141.33,9566.88,1585,0.29,0.24,349479.11,4.4,1.5
Myntra,Fashion,Bengaluru Rural,5/9/2023,409,34,302662.46,8287.22,2156,0.19,0.22,279432.21,4.3,5.5
Flipkart,Electronics,Hassan,12/28/2024,187,33,51070.42,7406.24,7445,0.03,0.26,17618.3,4.4,4.1
Myntra,Home Decor,Hassan,7/14/2025,170,33,165071.36,7002.84,5752,0.03,0.28,131687.87,5,7
Amazon,Fashion,Gadag,10/16/2024,207,34,173824.3,1195.79,8243,0.03,0.14,140216.44,4.4,5.4
Myntra,Electronics,Hubballi-Dharwad,2/16/2023,399,48,316033.37,9193.91,8731,0.05,0.19,264747.31,3.6,4.6
Amazon,Home Decor,Chikkaballapur,12/19/2024,269,43,233820.58,8440.83,9979,0.03,0.11,188798.01,4.2,5.5
Flipkart,Home Decor,Vijayapura,10/23/2025,351,49,102528.3,1466.5,9275,0.04,0.29,68393.16,3.7,6.3
Flipkart,Electronics,Gadag,11/6/2024,264,33,193100.82,7908.58,9770,0.03,0.08,167975.26,4,3.7
Flipkart,Home Decor,Chikkaballapur,8/24/2024,248,38,246050.41,3462.05,9352,0.03,0.3,220277.27,4.8,2.9
Amazon,Fashion,Bengaluru Rural,12/19/2024,168,0,38567.14,5705.99,3170,0.05,0.2,32861.15,3.4,5.2
Myntra,Electronics,Bagalkot,8/9/2023,194,17,71277.35,5523.39,3919,0.05,0.19,56267.05,4.2,4.1
Amazon,Home Decor,Bidar,5/16/2023,219,41,182761.91,4605.57,4226,0.05,0.15,156347.53,4.5,1.2
Flipkart,Electronics,Udupi,1/5/2025,419,62,114670.18,8672.18,3888,0.11,0.28,83496.89,4.1,3
Flipkart,Fashion,Bengaluru Rural,6/24/2023,423,71,139770.45,1473,4283,0.1,0.24,116152.88,4.7,4.5
Flipkart,Fashion,Haveri,12/6/2025,111,1,103510.47,3940.93,7555,0.01,0.14,98836.89,3.6,3.9
Amazon,Home Decor,Mangaluru,2/22/2024,128,21,27893.6,9003.95,4881,0.03,0.12,12670.14,3.9,6.3
Myntra,Electronics,Chikkamagaluru,12/14/2025,446,16,315594.97,6171.7,3415,0.13,0.12,301239.78,3.5,1.8
Flipkart,Fashion,Bagalkot,2/9/2025,369,24,191652.28,1783.39,3900,0.09,0.29,171351.09,4.5,4.9
Myntra,Home Decor,Vijayapura,1/8/2025,326,4,309820.45,2438.45,7769,0.04,0.28,304705.79,4.4,6.5
Myntra,Fashion,Bellary,1/22/2024,202,3,67728.92,8880.77,2511,0.08,0.18,56097.3,4.7,6.4
Flipkart,Fashion,Bellary,10/23/2025,273,40,230035.11,3769.63,7276,0.04,0.15,213879.7,4.6,3.8
Amazon,Home Decor,Belagavi,1/24/2025,167,10,73769.43,3194.73,4290,0.04,0.13,67816.42,5,3.2
Myntra,Electronics,Chitradurga,7/20/2025,473,43,461993.07,3429.74,7231,0.07,0.06,431395.52,4.4,5.5
Flipkart,Electronics,Mangaluru,7/11/2023,450,87,108764.46,9100.81,1614,0.28,0.26,32721.92,4.1,4.2
Amazon,Electronics,Ballari,11/28/2023,272,29,160259.84,3750.12,1601,0.17,0.07,146608.3,3.4,1.1
Flipkart,Home Decor,Koppal,6/27/2025,368,10,273821.97,6003.29,8456,0.04,0.2,258203.89,3.9,4.2
Flipkart,Electronics,Vijayapura,6/25/2025,492,29,338445.04,3906.91,8626,0.06,0.26,306917.51,3.2,3.9
Myntra,Fashion,Ballari,9/12/2024,425,67,234452.38,4457.52,1896,0.22,0.14,180112.88,4.7,3.9
Flipkart,Fashion,Raichur,4/13/2023,311,41,302808.04,4727.01,5177,0.06,0.17,262950.97,4.9,2.3
Myntra,Electronics,Mysuru,9/4/2025,154,9,88544.9,5341.16,4674,0.03,0.26,75437.21,3.3,1.1
Flipkart,Fashion,Mysuru,5/8/2023,171,6,134360.33,9544.45,8854,0.02,0.1,123436.28,3.9,4.8
Flipkart,Fashion,Kalaburagi,9/26/2024,137,16,73089.32,2741.99,2778,0.05,0.24,60800.18,4.4,2
Flipkart,Home Decor,Kolar,5/2/2025,285,19,118872.56,8270.85,7786,0.04,0.24,99121.82,3.5,5.5
Myntra,Electronics,Yadgir,7/13/2023,402,60,274714.36,1454.11,5428,0.07,0.11,243393.02,3.2,5.8
Amazon,Electronics,Chikkamagaluru,9/10/2023,122,16,84429.46,1217.19,4286,0.03,0.23,76250.08,3.9,5.7
Myntra,Home Decor,Chikkamagaluru,11/11/2025,113,12,112951.02,5608.63,3040,0.04,0.24,95585.73,5,6.8
Flipkart,Fashion,Bidar,9/13/2024,134,4,35579.14,8643.67,4175,0.03,0.14,24207.65,4.1,4.9
Amazon,Home Decor,Chikkamagaluru,3/10/2024,172,0,104885.49,4514.26,8704,0.02,0.06,100371.23,4.9,3.6
Amazon,Fashion,Kodagu,9/5/2025,271,18,237524.05,6645.32,3523,0.08,0.11,215825.54,5,5.6
Myntra,Fashion,Shivamogga,11/13/2023,154,26,132794.75,8152.01,7158,0.02,0.25,110864.29,4.7,5.1
Amazon,Fashion,Mangaluru,5/25/2023,468,66,346329.68,8516.43,3167,0.15,0.18,316311.57,3.1,4.6
Myntra,Home Decor,Bengaluru Urban,3/7/2023,254,30,243444.55,3573.64,5938,0.04,0.27,220186.45,4,4.5
Myntra,Electronics,Kodagu,12/19/2025,310,14,125780.85,1150.08,6532,0.05,0.23,117092.9,3.7,3.7
Amazon,Fashion,Davangere,10/3/2024,280,47,189408.01,3068.2,1537,0.18,0.14,169639.05,3,2.4
Myntra,Fashion,Haveri,9/14/2023,325,18,296744.69,2594.14,9711,0.03,0.15,278260.19,3.2,2.7
Myntra,Home Decor,Vijayapura,10/13/2024,480,26,457826.06,1222.78,8912,0.05,0.14,437813.04,4.3,4.2
Myntra,Fashion,Bellary,6/3/2023,397,65,366003.96,1959.84,2433,0.16,0.26,330093.53,4,5.1
Myntra,Electronics,Kodagu,2/22/2024,352,48,336045.84,3518.4,9911,0.04,0.22,292797.39,4.8,4
Flipkart,Home Decor,Mysuru,6/11/2023,251,32,132295.19,6816.13,7279,0.03,0.11,117751.05,4.6,3.1
Flipkart,Fashion,Bagalkot,11/8/2025,196,9,83121.13,7499.52,6390,0.03,0.19,72428.59,4.3,2.2
Amazon,Fashion,Koppal,2/13/2023,263,41,205214.16,9853.51,1525,0.17,0.06,181967.02,4.1,3.4
Myntra,Home Decor,Udupi,2/25/2024,406,20,128359.86,2125.9,3861,0.11,0.26,112922.31,3.8,4.2
Amazon,Fashion,Yadgir,9/7/2025,100,4,91111.03,6153.43,6401,0.02,0.17,83588.69,4,6.9
Amazon,Fashion,Belagavi,9/19/2024,147,19,81661.43,4671.39,1016,0.14,0.06,63321.37,3.8,4.6
Amazon,Electronics,Belagavi,5/6/2023,167,21,39087.87,9334.9,9169,0.02,0.29,12339.75,3.1,1.7
Myntra,Electronics,Bellary,10/28/2024,271,23,151975.32,7722.05,7223,0.04,0.28,129133.66,4.8,5.6
Myntra,Home Decor,Ramanagara,8/25/2025,211,22,208384.79,2460.45,7083,0.03,0.22,199417.12,3.7,3.9
Myntra,Fashion,Chikkaballapur,3/8/2024,294,57,162626.21,6036.84,7073,0.04,0.24,116820.62,4.6,4.9
Amazon,Fashion,Kodagu,9/24/2025,279,40,138266.69,7477.92,7792,0.04,0.11,102255.35,4.6,2.6
Myntra,Home Decor,Kodagu,8/5/2024,196,28,74587.61,4323.77,3250,0.06,0.09,53732.99,4.4,4
Flipkart,Electronics,Ramanagara,9/14/2023,440,28,377785.44,2917.9,8304,0.05,0.06,362380.73,3.3,6.1
Flipkart,Home Decor,Bengaluru Rural,3/20/2024,369,48,132044.53,4407.42,2036,0.18,0.17,111000.08,4.3,1.1
Amazon,Electronics,Dharwad,11/18/2024,313,58,151513.36,1117.63,8629,0.04,0.21,133617.78,4.1,6.5
Flipkart,Electronics,Yadgir,4/28/2023,447,54,166325.05,6172.53,2637,0.17,0.19,131153.12,3.5,4.5
Amazon,Fashion,Kolar,3/18/2024,372,64,285915.91,7022.6,6220,0.06,0.26,232463.73,5,2.7
Amazon,Fashion,Bengaluru Urban,3/24/2025,438,68,136273.59,6715.94,4790,0.09,0.21,109714.52,4.9,3.1
Myntra,Electronics,Mangaluru,1/9/2024,237,42,118453.23,2128.62,8587,0.03,0.08,74481.73,4.3,6
Amazon,Electronics,Mandya,6/22/2024,233,39,171642.53,4901.19,3647,0.06,0.08,136343.66,3.4,6.1
Myntra,Fashion,Kolar,5/13/2025,291,2,104149.54,3581.01,4660,0.06,0.16,99307.23,3.7,1.5
Amazon,Home Decor,Ramanagara,12/11/2025,322,48,82430.38,9255.69,2183,0.15,0.25,50336.24,4.2,6.2
Flipkart,Electronics,Davangere,4/8/2024,133,5,51502.46,4730.9,3969,0.03,0.18,44188.39,4.6,4.5
Flipkart,Electronics,Bagalkot,2/17/2024,193,36,43524.43,7273.14,1388,0.14,0.17,25753.09,4.8,4.3
Flipkart,Home Decor,Mandya,11/27/2024,137,19,85426.8,5440.34,2989,0.05,0.23,61814.11,4.2,1.8
Flipkart,Home Decor,Bellary,3/11/2024,414,13,231246.22,5393.66,3757,0.11,0.24,221335.87,3.1,5.8
Flipkart,Fashion,Koppal,9/6/2025,380,75,147113.27,4701.94,2713,0.14,0.07,124456.16,4.4,5.9
Flipkart,Home Decor,Tumakuru,3/11/2023,154,16,65335.68,3420.89,2756,0.06,0.28,47461.77,3.4,5.2
Myntra,Electronics,Bidar,4/25/2023,212,3,131079.52,5722.95,2047,0.1,0.26,124030.23,3.6,2.4
Amazon,Home Decor,Mysuru,5/18/2024,300,43,262560.94,4398.19,8764,0.03,0.29,219603.49,4.9,2.9
Amazon,Electronics,Bellary,6/18/2023,252,0,217079.12,9517.64,3347,0.08,0.18,207561.48,3.3,4.5
Amazon,Fashion,Mangaluru,10/2/2023,459,70,271455.23,4524.02,1615,0.28,0.1,240161.47,4.8,2.5
Amazon,Home Decor,Udupi,12/27/2025,127,19,45594.86,9419.66,7239,0.02,0.09,21067.92,4.9,6.8
Amazon,Fashion,Mangaluru,4/19/2023,228,4,159238.72,3201.84,2483,0.09,0.09,153075.51,4.8,6.9
Myntra,Electronics,Chikkamagaluru,10/20/2025,164,10,38664.86,1171.11,6806,0.02,0.2,29582.98,4.4,1.8
Myntra,Electronics,Koppal,1/14/2024,487,60,127709.31,3453.82,2724,0.18,0.1,84181.02,4.3,3.7
Amazon,Fashion,Mysuru,8/28/2025,205,28,55360.29,6041.55,6686,0.03,0.06,37871.49,4.4,4.5
Flipkart,Home Decor,Chitradurga,5/12/2025,316,15,138512.96,3746.57,5270,0.06,0.12,122338.22,3.6,5.9
Flipkart,Fashion,Kalaburagi,7/5/2023,426,46,340001.29,1089.8,5298,0.08,0.16,328049.72,4.5,1.6
Myntra,Electronics,Davangere,1/26/2025,202,6,46569.09,9739.91,9364,0.02,0.13,34361.21,4.7,5.7
Flipkart,Fashion,Bidar,8/9/2023,287,21,131927.54,6397.24,4589,0.06,0.06,109460.03,4.1,3.4
Flipkart,Fashion,Bellary,7/5/2024,190,33,78998.37,3952.17,9666,0.02,0.07,66334.64,4.5,3.2
Amazon,Home Decor,Shivamogga,1/19/2024,296,33,286512.46,6713.43,2706,0.11,0.17,257908.97,4.9,1.3
Myntra,Fashion,Ramanagara,2/24/2023,212,22,166717.2,7686.61,7262,0.03,0.18,154067.31,3.7,6
Flipkart,Home Decor,Bidar,5/10/2024,338,53,271376.41,1199.67,1800,0.19,0.08,250134.74,4.5,1.2
Amazon,Electronics,Bidar,3/16/2025,224,7,92590.39,5691.18,5415,0.04,0.08,80011.29,3.4,6
Amazon,Home Decor,Ramanagara,7/18/2023,421,26,198910.19,5454.38,9804,0.04,0.08,174568.34,4.4,4.5
Flipkart,Fashion,Ramanagara,6/9/2024,355,30,268118.18,7397.33,7517,0.05,0.18,230924.48,3.9,5.5
Amazon,Electronics,Kalaburagi,4/9/2023,341,21,251943.48,7292.67,8752,0.04,0.06,230407.84,4.9,4.5
Myntra,Home Decor,Bellary,11/20/2025,410,72,202907.6,1533.63,4188,0.1,0.12,136950.98,4.8,1.7
Myntra,Electronics,Bellary,6/25/2024,168,23,38717.3,1698.27,7144,0.02,0.24,21789.85,3.9,6.6
Amazon,Electronics,Kodagu,7/2/2023,413,69,372233.84,5239.99,2091,0.2,0.13,319569.4,3.3,6
Myntra,Home Decor,Kodagu,8/2/2025,472,33,104372.74,8722.71,9925,0.05,0.25,66296.35,4.6,5.3
Flipkart,Home Decor,Bengaluru Rural,3/25/2025,233,22,193955.15,7325.58,4764,0.05,0.08,168462.53,4.2,2
Flipkart,Electronics,Davangere,8/10/2023,478,12,412131.87,1454.39,5000,0.1,0.18,407759.41,4.6,4.7
Amazon,Fashion,Gadag,5/16/2024,103,3,102348.97,1966.7,6123,0.02,0.15,98690.68,5,5.9
Flipkart,Electronics,Chitradurga,1/12/2025,436,39,219674.97,8374.02,5035,0.09,0.17,187318.55,5,6.6
Amazon,Fashion,Chikkamagaluru,11/6/2025,420,48,169563.2,8078.4,5126,0.08,0.2,142962.23,4.2,6
Myntra,Electronics,Raichur,7/27/2024,458,87,354187.64,8670,3571,0.13,0.19,273195.55,3.2,4.7
Flipkart,Electronics,Raichur,9/7/2023,234,1,184833.71,7068.83,2718,0.09,0.1,177325.26,3.9,6.7
Amazon,Fashion,Haveri,10/14/2025,241,27,167552.98,3142.56,6870,0.04,0.29,148069.26,3.2,4.9
Amazon,Electronics,Vijayapura,6/21/2025,163,11,137411.37,4981.01,2463,0.07,0.23,128574.87,3.1,5.1
Flipkart,Home Decor,Hassan,4/14/2023,361,23,177257.82,1693.44,8367,0.04,0.07,165511.84,4.6,4.9
Myntra,Fashion,Bengaluru Rural,2/22/2025,212,40,164321.16,6146.55,2806,0.08,0.21,131745.61,3.9,4.1
Amazon,Electronics,Ballari,8/28/2025,327,38,100380.74,3215.97,4814,0.07,0.2,73369.73,3.9,3.4
Flipkart,Home Decor,Belagavi,9/4/2023,187,30,126724.9,2833.06,7212,0.03,0.08,93957.65,3.1,6.6
Amazon,Electronics,Bengaluru Urban,4/19/2025,128,5,68606.12,6278.55,7111,0.02,0.29,57802.6,3.7,2.5
Myntra,Fashion,Bengaluru Urban,3/13/2025,133,13,106452.47,4735.26,4026,0.03,0.23,94618.02,3.9,6.1
Myntra,Electronics,Kalaburagi,2/20/2024,474,10,97139.73,5976.03,7405,0.06,0.28,88730.47,3.3,4.9
Myntra,Fashion,Hubballi-Dharwad,10/9/2025,355,27,90161.6,7783.05,6878,0.05,0.09,69286.12,5,6
Amazon,Electronics,Ramanagara,11/22/2024,377,54,80231.04,4194.81,2347,0.16,0.1,61484.59,4.9,3.4
Flipkart,Home Decor,Mangaluru,2/11/2024,437,41,197350.96,7667.67,8682,0.05,0.09,172338.93,3.1,5.1
Flipkart,Electronics,Chikkamagaluru,4/26/2023,220,27,120618.81,7849.52,3692,0.06,0.25,89201.22,3.3,2
Amazon,Fashion,Tumakuru,12/23/2024,291,55,282771.06,1873.97,9564,0.03,0.08,251297.76,3.3,4.9
Myntra,Electronics,Hassan,2/3/2025,394,68,311334.58,1310.04,1583,0.25,0.1,269893.57,4.9,4.4
Myntra,Home Decor,Raichur,8/4/2024,198,20,148537.77,4007.5,8375,0.02,0.09,135561.78,4.9,3.6
Amazon,Electronics,Bellary,2/3/2025,226,20,166109.32,2944.88,7431,0.03,0.11,147245.65,5,2.3
Myntra,Home Decor,Ballari,11/24/2025,377,56,196620.73,7089.56,8296,0.05,0.2,173918.15,4.6,3.5
Myntra,Home Decor,Udupi,11/28/2023,206,31,172560.38,7393.34,6245,0.03,0.3,135982.63,3.4,5.7
Flipkart,Home Decor,Bellary,6/2/2024,282,3,203543.36,2723.61,8271,0.03,0.18,198496.15,4.4,1.1
Flipkart,Home Decor,Kodagu,09/18/2025,150,26,115125.29,2481.19,1536,0.1,0.29,98289.76,4.35,2.07
Amazon,Electronics,Udupi,09/18/2025,147,22,132926.07,4884.62,3460,0.04,0.12,103882.64,4.29,1.11
Flipkart,Fashion,Dharwad,09/18/2025,158,0,124523.51,2266.75,3285,0.05,0.12,99699.33,4.0,3.17
Amazon,Home Decor,Belagavi,09/18/2025,199,31,272334.38,2854.82,1757,0.11,0.29,235922.85,3.88,1.96
Amazon,Fashion,Haveri,09/18/2025,130,24,132343.25,1596.59,898,0.14,0.21,102995.39,3.6,1.98
Myntra,Home Decor,Shivamogga,09/18/2025,185,5,95015.55,2393.1,4409,0.04,0.19,82411.86,4.23,1.71
